<?xml version="1.0" encoding="UTF-8"?><record xmlns="http://www.loc.gov/MARC21/slim" xmlns:cinclude="http://apache.org/cocoon/include/1.0" xmlns:zs="http://www.loc.gov/zing/srw/">
  <leader>00372cz  a2200133n  4500</leader>
  <controlfield tag="001">n  83215425 </controlfield>
  <controlfield tag="003">DLC</controlfield>
  <controlfield tag="005">20081214081402.0</controlfield>
  <controlfield tag="008">831013n| acannaabn          |n aaa      </controlfield>
  <datafield tag="010" ind1=" " ind2=" ">
    <subfield code="a">n  83215425 </subfield>
  </datafield>
  <datafield tag="035" ind1=" " ind2=" ">
    <subfield code="a">(OCoLC)oca01023832</subfield>
  </datafield>
  <datafield tag="040" ind1=" " ind2=" ">
    <subfield code="a">DLC</subfield>
    <subfield code="b">eng</subfield>
    <subfield code="c">DLC</subfield>
    <subfield code="d">OCoLC</subfield>
  </datafield>
  <datafield tag="100" ind1="1" ind2=" ">
    <subfield code="a">Griebitzsch, Herbert</subfield>
  </datafield>
  <datafield tag="670" ind1=" " ind2=" ">
    <subfield code="a">KuĚpper, W. Will KuĚpper, c1978:</subfield>
    <subfield code="b">p. 132 (Dr. Herbert Griebitzsch)</subfield>
  </datafield>
</record>